<?xml version="1.0" encoding="UTF-8"?><collection xmlns="http://www.loc.gov/MARC21/slim"><record><leader>00350nam--2200133-i-4500</leader><controlfield tag="001">000049821</controlfield><controlfield tag="002">20161230</controlfield><controlfield tag="005">20161230201047</controlfield><controlfield tag="008">060222s1000------------r-----000-0-eng-d</controlfield><datafield ind1=" " ind2=" " tag="080"><subfield code="a">537.61:537.8.029</subfield></datafield><datafield ind1=" " ind2=" " tag="100"><subfield code="a">Arsenian,T.I</subfield></datafield><datafield ind1=" " ind2=" " tag="245"><subfield code="a">Fluktuacii elektromagnitnyh voln na prizemnyh trassah</subfield></datafield><datafield ind1=" " ind2=" " tag="260"><subfield code="a">Moskva, Izd.Nauka, 1978. 272 S</subfield></datafield><datafield ind1=" " ind2=" " tag="852"><subfield code="a">47250</subfield></datafield></record></collection>